@book{wireguard,
  author       = {Jason A. Donenfeld},
  title        = {{WireGuard: Next Generation Kernel Network Tunnel}},
  year         = {2020},
  book         = {www.wireguard.com}
}

@misc{wireguard:poci,
    title = {{WireGuard: Python implementation}},
    howpublished = "https://github.com/dmitriykuptsov/wireguard",
    year = {2025}
}